

,-------------------.
|     PREAMBLE      |
`-------------------'

@preamble{ " \providecommand{\noop}[1]{}
           \ifx\undefined\SfSbibINI\else\SfSbibINI\fi
           \providecommand{\noop}[1]{}
           \ifx\undefined\SfSbibINI\else\SfSbibINI\fi"
}

,-------------------.
|  BIBTEX ENTRIES   |
`-------------------'

@misc{koller2014roblmm,
  author =        {Koller, Manuel and Stahel, Werner A.},
  note =          {to be submitted},
  title =         {Robust Estimation of General Mixed Effects Models},
  year =          {2015},
}

@misc{koller2013diss,
  author =        {Koller, Manuel},
  note =          {Diss., ETH Z{\"u}rich, Nr. 20997, 2013},
  title =         {Robust Estimation of Linear Mixed Models},
  year =          {2013},
  url={http://e-collection.library.ethz.ch/eserv/eth:6670/eth-6670-02.pdf?pid=eth:6670&dsID=eth-6670-02.pdf}
}

@manual{robustlmm,
  author =        {Manuel Koller},
  note =          {\proglang{R}~package version~2.1},
  title =         {\pkg{robustlmm}: Robust Linear Mixed Effects Models},
  year =          {2015},
  url =           {http://CRAN.R-project.org/package=robustlmm},
}

@manual{nlme,
  author =        {Jos\'e C. Pinheiro and Douglas M. Bates and Saikat DebRoy and
                   Deepayan Sarkar and {\proglang{R} Core Team}},
  note =          {\proglang{R}~package version~3.1-128},
  title =         {\pkg{nlme}: Linear and Nonlinear Mixed Effects Models},
  year =          {2016},
  url =           {http://CRAN.R-project.org/package=nlme},
}

@manual{heavy,
  author =        {F. Osorio},
  note =          {\proglang{R}~package version~0.38},
  title =         {\pkg{heavy}: Package for Outliers Accommodation Using
                   Heavy-Tailed Distributions},
  year =          {2016},
  url =           {http://cran.r-project.org/package=heavy},
}

@unpublished{bates2011lme4,
  author =        {Douglas M. Bates},
  note =          {\url{http://lme4.r-forge.r-project.org/book/}},
  title =         {{\pkg{lme4}: Mixed-Effects Modeling with \proglang{R}}},
  year =          {2010},
}

@manual{georobPkg,
  author =        {Andreas Papritz},
  note =          {\proglang{R}~package version~0.3-1},
  title =         {\pkg{georob}: Robust Geostatistical Analysis of Spatial
                   Data},
  year =          {2016},
  url =           {http://CRAN.R-project.org/package=georob},
}

@article{ks2011,
  author =        {Manuel Koller and Werner A. Stahel},
  journal =       {Computational Statistics \& Data Analysis},
  number =        {8},
  pages =         {2504--2515},
  title =         {Sharpening Wald-Type Inference in Robust Regression
                   for Small Samples},
  volume =        {55},
  year =          {2011},
  doi =           {10.1016/j.csda.2011.02.014}
}

@book{MarRMY06,
  author =        {Ricardo A. Maronna and R. Douglas Martin and
                   Victor J. Yohai},
  pages =         {408},
  publisher =     {John Wiley \& Sons},
  title =         {Robust Statistics, Theory and Methods},
  year =          {2006},
  doi =           {10.1002/0470010940},
}

@article{stahel1987estimation,
  author =        {Stahel, W.A.},
  journal =       {Journal of Multivariate Analysis},
  number =        {2},
  pages =         {296--312},
  publisher =     {Elsevier},
  title =         {Estimation of a Covariance Matrix with Location:
                   Asymptotic Formulas and Optimal B-robust Estimators},
  volume =        {22},
  year =          {1987},
  doi =           {10.1016/0047-259x(87)90092-3},
}

@book{davies72penicillin,
  edition =       {4th},
  editor =        {Owen L. Davies and Peter L. Goldsmith},
  publisher =     {Hafner},
  title =         {Statistical Methods in Research and Production},
  year =          {1972},
}

@article{lme4,
   author = {Douglas M. Bates and Martin M\"achler and Ben Bolker and Steve Walker},
   title = {Fitting Linear Mixed-Effects Models Using \pkg{lme4}},
   journal = {Journal of Statistical Software},
   volume = {67},
   number = {1},
   year = {2015},
   pages = {1--48},
   doi = {10.18637/jss.v067.i01},
}

@Manual{xtable,
    title = {\pkg{xtable}: Export Tables to LaTeX or HTML},
    author = {David B. Dahl},
    year = {2016},
    note = {\proglang{R}~package version 1.8-2},
    url = {https://CRAN.R-project.org/package=xtable},
  }

@article{salibian2008fast,
  author =        {Salibi{\'a}n-Barrera, M. and Van Aelst, S. and
                   Willems, G.},
  journal =       {Statistical Methods \& Applications},
  number =        {1},
  pages =         {41--71},
  publisher =     {Springer-Verlag},
  title =         {Fast and Robust Bootstrap},
  volume =        {17},
  year =          {2008},
  doi =           {10.1007/s10260-007-0048-6},
}

@article{singh1998breakdown,
  author =        {Singh, K.},
  journal =       {The Annals of Statistics},
  number =        {5},
  pages =         {1719--1732},
  publisher =     {Institute of Mathematical Statistics},
  title =         {Breakdown Theory for Bootstrap Quantiles},
  volume =        {26},
  year =          {1998},
  doi =           {10.1214/aos/1024691354},
}

@book{HamFRRS86,
  author =        {F. Hampel and E. Ronchetti and P. Rousseeuw and
                   W. Stahel},
  pages =         {502},
  publisher =     {John Wiley \& Sons},
  title =         {Robust Statistics: The Approach Based on Influence
                   Functions},
  year =          {1986},
}

@article{copt2006high,
  author =        {Copt, S. and Victoria-Feser, M.P.},
  journal =       {Journal of the American Statistical Association},
  number =        {473},
  pages =         {292--300},
  publisher =     {ASA},
  title =         {{High-Breakdown Inference for Mixed Linear Models}},
  volume =        {101},
  year =          {2006},
  doi =           {10.1198/ 016214505000000772},
}

@article{chervoneva2011constrained,
  author =        {Chervoneva, I. and Vishnyakov, M.},
  journal =       {Statistics in Medicine},
  number =        {14},
  pages =         {1735--1750},
  publisher =     {Wiley Online Library},
  title =         {Constrained S-Estimators for Linear Mixed Effects
                   Models with Covariance Components},
  volume =        {30},
  year =          {2011},
  doi =           {10.1002/sim.4169},
}

@book{demidenko2004mixed,
  author =        {Demidenko, E.},
  publisher =     {John Wiley \& Sons},
  title =         {Mixed Models: Theory and Applications},
  year =          {2004},
  doi =           {10.1002/0471728438},
}

 @Manual{rlme,
    title = {\pkg{rlme}: Rank-based Estimation and Prediction in Random Effects Nested
Models},
    author = {Yusuf Bilgic and Herb Susmann and Joseph McKean},
    year = 2014,
    note = {\proglang{R} package version 0.4},
    url = {http://CRAN.R-project.org/package=rlme},
  }

@Article{lqmm,
  title = {Linear Quantile Mixed Models: The \pkg{lqmm} Package for Laplace Quantile Regression},
  author = {Marco Geraci},
  journal = {Journal of Statistical Software},
  year = {2014},
  volume = {57},
  number = {13},
  pages = {1--29},
  doi = {10.18637/jss.v057.i13},
}

@Manual{R,
  title = {\proglang{R}: A Language and Environment for Statistical Computing},
  author = {{\proglang{R} Core Team}},
  organization = {\proglang{R} Foundation for Statistical Computing},
  address = {Vienna, Austria},
  year = {2016},
  url = {http://www.R-project.org/},
}

@Misc{robustTaskView,
  author = {Martin M\"achler},
  title = {{CRAN} Task View: Robust Statistical Methods},
  year = {2016},
  url = {https://CRAN.R-project.org/view=Robust},
  note = {Version 2016-08-29},
}